@online{facebookXSD,
    author = {Facebook},
    title = {Facebook-API XSD},
    year = {2014},
    urldate = {2014-05-26},
    url = {http://api.facebook.com/1.0/facebook.xsd}
}
