@online{w3cURI,
  author = {Tim Berners-Lee and MIT/LCS and R. Fielding and U.C. Irvine and L. Masinter and Xerox Corporation},
  title = {Uniform Resource Identifiers (URI): Generic Syntax},
  year = {1998},
  month = {08},
  urldate = {2014-26-05},
  url = {http://www.ietf.org/rfc/rfc2396.txt}
}

@phdthesis{fieldingDissertation,
 author = {Fielding, Roy Thomas},
 title = {Architectural styles and the design of network-based software architectures},
 year = {2000},
 isbn = {0-599-87118-0},
 note = {AAI9980887},
 publisher = {University of California, Irvine},
}

@online{facebookXSD,
    author = {Facebook},
    title = {Facebook-API XSD},
    year = {2014},
    urldate = {2014-05-26},
    url = {http://api.facebook.com/1.0/facebook.xsd}
}

@online{XML10Specification,
  author = {W3C},
  title = {Extensible Markup Language (XML) 1.0 (Fifth Edition)},
  year = {2008},
  month = {11},
  day = {26},
  url = {http://www.w3.org/TR/2008/REC-xml-20081126/},
  urldate = {2013-06-25}
}

@online{XMLschema,
  author = {W3C},
  title = {XML Schema Part 0: Primer Second Edition},
  year = {2004},
  month = {10},
  day = {28},
  url = {http://www.w3.org/TR/xmlschema-0/},
  urldate = {2014-05-31}
}

@online{mako,
  author = {mako},
  title = {Python Mako Template-Engine},
  year = {2014},
  urldate = {2014-05-31},
  url = {http://www.makotemplates.org/}
}

@online{lxml,
  author = {Stefan Behnel},
  title = {lxml},
  year = {2014},
  urldate = {2014-05-31},
  url = {http://lxml.de/}
}

@book{eisenecker,
  title={Generative programming: methods, tools, and applications},
  author={Czarnecki, K. and Eisenecker, U.},
  isbn={9780201309775},
  lccn={00028389},
  year={2000},
  publisher={Addison Wesley}
}